@manual{IEA-web:2015,
      title  = "IEA - Access to Electricity",
      author = "IEA",
      note   = "\url{http://www.worldenergyoutlook.org/resources/energydevelopment/accesstoelectricity/}",
      year   = "2015 (accessed February 2, 2015)"
    },

%@Misc{Presage2-Desc,
%      title={Presage2: About},
%      month={November},
%      year={2014},
%      url={http://www.presage2.info/w/Main_Page}
%},

@manual{Presage2-Desc:2015,
  title  = "Presage2: About",
  author = "presage2.info",
  note   = "\url{http://www.presage2.info/w/Main_Page}",
  year   = "2015 (accessed February 2, 2015)"
},

%@misc{website:fermentas-lambda,
%      author = "Fermentas Inc.",
%      title = "Phage Lambda: description \& restriction map",
%      month = "November",
%      year = "2008",
%      url = "http://www.fermentas.com/techinfo/nucleicacids/maplambda.htm"
%},

@manual{e.quinox-web:2015,
      title  = "e.quinox About",
      author = "e.quinox",
      note   = "\url{http://e.quinox.org}",
      year   = "2015 (accessed January 27, 2015)"
    },
    

@manual{e.quinox-EK-web:2015,
      title  = "e.quinox Energy Kiosks",
      author = "e.quinox",
      note   = "\url{http://www.e.quinox.org/index.php/our-solutions/energy-kiosks}",
      year   = "2015 (accessed January 27, 2015)"
    },
    
@manual{IPSA-web-constraint:2015,
  title  = "Web Based Constraint Analysis - Lincolnshire Low Carbon Hub",
  author = "TNEI",
  note   = "\url{ http://www.ipsa-power.com/education/2013-user-group-meeting/constraint-analysis}",
  year   = "2015 (accessed February 2, 2015)"
},

@manual{e.quinox-Hydro-web:2012,
      title  = "Design and Construction of a Pico Hydro Power System in Rural Rwanda",
      author = "e.quinox",
      note   = "\url{http://e.quinox.org/reports/equinox_hydro_2012.pdf}",
      year   = "2012 (accessed Februar 2, 2015)"
    },

@manual{e.quinox-Standalone-web:2012,
      title  = "The Stand Alone Model",
      author = "e.quinox",
      note   = "\url{http://e.quinox.org/reports/e.quinox%20Stand%20Alone%20Model.pdf}",
      year   = "2012 (accessed Februar 2, 2015)"
    },
    
@misc{Ostrom:90,
	author = "{Elinor Ostrom}",
	title = "{Governing the Commons: The Evolution of Institutions for Collective Action}",
	year = "1990"}